[gd_scene load_steps=9 format=2]

[ext_resource path="res://ImpostorShader.shader" type="Shader" id=1]
[ext_resource path="res://impostorMap/MKV_UV_ImposterBase.png" type="Texture" id=2]

[sub_resource type="QuadMesh" id=1]

[sub_resource type="ShaderMaterial" id=2]
shader = ExtResource( 1 )
shader_param/albedo = Color( 1, 1, 1, 1 )
shader_param/specular = 0.5
shader_param/metallic = 0.0
shader_param/roughness = 1.0
shader_param/point_size = 1.0
shader_param/metallic_texture_channel = Plane( 1, 0, 0, 0 )
shader_param/roughness_texture_channel = Plane( 1, 0, 0, 0 )
shader_param/uv1_scale = Vector3( 1, 1, 1 )
shader_param/uv1_offset = Vector3( 0, 0, 0 )
shader_param/uv2_scale = Vector3( 1, 1, 1 )
shader_param/uv2_offset = Vector3( 0, 0, 0 )
shader_param/texture_albedo = ExtResource( 2 )

[sub_resource type="PrismMesh" id=3]

[sub_resource type="SpatialMaterial" id=4]
albedo_color = Color( 1, 0, 0, 1 )

[sub_resource type="SpatialMaterial" id=5]
albedo_color = Color( 0, 1, 0.0156863, 1 )

[sub_resource type="SpatialMaterial" id=6]
albedo_color = Color( 0, 0.0627451, 1, 1 )

[node name="TestScene" type="Spatial"]

[node name="Impostor" type="MeshInstance" parent="."]
mesh = SubResource( 1 )
material/0 = SubResource( 2 )

[node name="Camera" type="Camera" parent="."]
transform = Transform( 0.707107, -0.5, 0.5, 0, 0.707107, 0.707107, -0.707107, -0.5, 0.5, 1.36399, 1.73889, 1.36399 )

[node name="AxisMarkers" type="Spatial" parent="."]

[node name="X" type="MeshInstance" parent="AxisMarkers"]
transform = Transform( -3.89611e-09, 0.0891325, 0, -0.0891325, -3.89611e-09, 0, 0, 0, 0.0891325, 1, -4.37114e-08, 0 )
mesh = SubResource( 3 )
material/0 = SubResource( 4 )

[node name="Y" type="MeshInstance" parent="AxisMarkers"]
transform = Transform( 0.0891325, 0, 0, 0, 0.0891325, 0, 0, 0, 0.0891325, 0, 1, 0 )
mesh = SubResource( 3 )
material/0 = SubResource( 5 )

[node name="Z" type="MeshInstance" parent="AxisMarkers"]
transform = Transform( 0.0891325, 0, 0, 0, -3.89611e-09, -0.0891325, 0, 0.0891325, -3.89611e-09, 0, -4.37114e-08, 1 )
mesh = SubResource( 3 )
material/0 = SubResource( 6 )
